@article{heckl1988active,
  title={Active control of the noise from a {Rijke} tube},
  author={Heckl, Maria A},
  journal={J. Sound Vib.},
  volume={124},
  number={1},
  pages={117--133},
  year={1988},
  publisher={Elsevier}
}

@article{lang1987active,
  title={Active control of combustion instability},
  author={Lang, Walter and Poinsot, Thierry and Candel, S{\'e}bastien M.},
  journal={Combust. Flame},
  volume={70},
  number={3},
  pages={281--289},
  year={1987},
  publisher={Elsevier}
}

@article{annaswamy1995active,
  title={Active control in combustion systems},
  author={Annaswamy, Anuradha M. and Ghoniem, Ahmed F.},
  journal={IEEE Control Systems Magazine},
  volume={15},
  number={6},
  pages={49--63},
  year={1995},
  publisher={IEEE}
}


@inbook{lieuwen2005combustion,
  title={Combustion Instabilities in Gas Turbine Engines: Operational Experience, Fundamental Mechanisms, and Modeling},
  author={Lieuwen, Timothy C. and Yang, Vigor},
  year={2005},
  publisher={American Institute of Aeronautics and Astronautics}
}

@article{candel2002combustion,
  title={Combustion dynamics and control: {P}rogress and challenges},
  author={Candel, S{\'e}bastien M.},
  journal={Proc. Combust. Inst.},
  volume={29},
  number={1},
  pages={1--28},
  year={2002},
  publisher={Elsevier}
}

@article{mcmanus1993review,
  title={A review of active control of combustion instabilities},
  author={McManus, K.R. and Poinsot, Thierry and Candel, S{\'e}bastien M.},
  journal={Prog. Energy Combust. Sci.},
  volume={19},
  number={1},
  pages={1--29},
  year={1993},
  publisher={Elsevier}
}

@article{dowling2005feedback,
  title={Feedback {C}ontrol of {C}ombustion {O}scillations},
  author={Dowling, Ann P. and Morgans, Aimee S.},
  journal={Annu. Rev. Fluid Mech.},
  volume={37},
  pages={151--182},
  year={2005},
  publisher={Annual Reviews}
}

@article{dupere2005use,
  title={The {U}se of {H}elmholtz {R}esonators in a {P}ractical {C}ombustor},
  author={Duper{\'e}, Iain D.J. and Dowling, Ann P.},
  journal={J. Eng. Gas Turbines Power},
  volume={127},
  number={2},
  pages={268--275},
  year={2005}
}

@article{zhao2015review,
  title={A review of acoustic dampers applied to combustion chambers in aerospace industry},
  author={Zhao, Dan and Li, X.Y.},
  journal={Prog. Aerosp. Sci.},
  volume={74},
  pages={114--130},
  year={2015},
  publisher={Elsevier}
}

@article{zinn1970theoretical,
  title={A theoretical study of non-linear damping by helmholtz resonators},
  author={Zinn, Ben T.},
  journal={J. Sound Vib.},
  volume={13},
  number={3},
  pages={347--356},
  year={1970},
  publisher={Elsevier}
}

@book{kinsler2000fundamentals,
  title={Fundamentals of {A}coustics},
  author={Kinsler, Lawrence E. and Frey, Austin R. and Coppens, Alan B. and Sanders, James V.},
  year={2000},
  publisher={John {W}iley \& {S}ons}
}

@article{cummings1984acoustic,
  title={Acoustic nonlinearities and power losses at orifices},
  author={Cummings, A.},
  journal={AIAA {J}ournal},
  volume={22},
  number={6},
  pages={786--792},
  year={1984}
}

@article{park2010nonlinear,
  title={Nonlinear acoustic damping induced by a half-wave resonator in an acoustic chamber},
  author={Park, I-Sun and Sohn, Chae Hoon},
  journal={Aerosp. Sci. Technol. },
  volume={14},
  number={6},
  pages={442--450},
  year={2010},
  publisher={Elsevier}
}

@article{laudien1995experimental,
  title={Experimental {P}rocedures {A}iding the {D}esign of {A}coustic {C}avities},
  author={Laudien, E. and Pongratz, R. and Pierro, R. and Preclik, D.},
  journal={Prog. Astronaut. Aeronaut.},
  volume={169},
  pages={377--402},
  year={1995},
  publisher={AMERICAN INST OF AERONAUTICS AND ASTRONAUTICS}
}

@article{sohn2011comparative,
  title={A comparative study on acoustic damping induced by half-wave, quarter-wave, and {H}elmholtz resonators},
  author={Sohn, Chae Hoon and Park, Ju Hyun},
  journal={Aerosp. Sci. Technol. },
  volume={15},
  number={8},
  pages={606--614},
  year={2011},
  publisher={Elsevier}
}

@article{sohn2007acoustic,
  title={Acoustic tuning of gas--liquid scheme injectors for acoustic damping in a combustion chamber of a liquid rocket engine},
  author={Sohn, Chae Hoon and Park, I-Sun and Kim, Seong-Ku and Kim, Hong Jip},
  journal={J. Sound Vib.},
  volume={304},
  number={3-5},
  pages={793--810},
  year={2007},
  publisher={Elsevier}
}

@article{park2009optimal,
  title={On optimal design of half-wave resonators for acoustic damping in an enclosure},
  author={Park, Ju Hyun and Sohn, Chae Hoon},
  journal={J. Sound Vib.},
  volume={319},
  number={3-5},
  pages={807--821},
  year={2009},
  publisher={Elsevier}
}

@inproceedings{park2008thermo,
  title={Thermo-acoustic {I}nstability in a {C}ombustor with {B}ranch {T}ube},
  author={Park, Jang Hee and Guahk, Young Tae and Shin, Hyun Dong},
  year={2008},
  organization={JSME-KSME}
}

@misc{rajaram2012attenuation,
  title={Attenuation of combustion dynamics using a {H}erschel-{Q}uincke filter},
  author={Rajaram, Rajesh and Ritland, David M.},
  year={2012},
  publisher={Google Patents},
  note={{U}S Patent 8,336,312}
}

@article{park2009experimental,
  title={Experimental {S}tudy on the {C}haracteristics of {P}ressure {F}luctuation in the {C}ombustion {C}hamber with {B}ranch {T}ube},
  author={Park, Jang-Hee and Lee, Dae-Keun and Shin, Hyun-Dong},
  journal={Trans. Korean Soc. Mech. Eng. B},
  volume={33},
  number={7},
  pages={552--558},
  year={2009},
  publisher={The Korean Society of Mechanical Engineers}
}

@article{bellucci2004use,
  title={On the {U}se of {H}elmholtz {R}esonators for {D}amping {A}coustic {P}ulsations in {I}ndustrial {G}as {T}urbines},
  author={Bellucci, Valter and Flohr, Peter and Paschereit, Christian Oliver and Magni, Fulvio},
  journal={J. Eng. Gas Turbines Power},
  volume={126},
  number={2},
  pages={271--275},
  year={2004}
}

@article{zhao2018review,
  title={A review of active control approaches in stabilizing combustion systems in aerospace industry},
  author={Zhao, Dan and Lu, Zhengli and Zhao, He and Li, XY and Wang, Bing and Liu, Peijin},
  journal={Prog. Aerosp. Sci.},
  volume={97},
  pages={35--60},
  year={2018},
  publisher={Elsevier}
}

@article{zhao2009tuned,
  title={Tuned passive control of combustion instabilities using multiple {H}elmholtz resonators},
  author={Zhao, Dan and Morgans, Aimee S.},
  journal={J. Sound Vib.},
  volume={320},
  number={4-5},
  pages={744--757},
  year={2009},
  publisher={Elsevier}
}

@article{richards2003passive,
  title={Passive {C}ontrol of {C}ombustion {D}ynamics in {S}tationary {G}as {T}urbines},
  author={Richards, Geo A. and Straub, Douglas L. and Robey, Edward H.},
  journal={J. Propul. Power},
  volume={19},
  number={5},
  pages={795--810},
  year={2003}
}

@article{biwa2016suppression,
  title={Suppression of {S}pontaneous {G}as {O}scillations by {A}coustic {S}elf-{F}eedback},
  author={Biwa, Tetsushi and Sawada, Yoshiki and Hyodo, Hiroaki and Kato, Soichiro},
  journal={Phys. Rev. Appl.},
  volume={6},
  number={4},
  pages={044020},
  year={2016},
  publisher={APS}
}

@article{just1997mechanism,
  title={Mechanism of time-delayed feedback control},
  author={Just, Wolfram and Bernard, Thomas and Ostheimer, Matthias and Reibold, Ekkehard and Benner, Hartmut},
  journal={Phys. Rev. Lett.},
  volume={78},
  number={2},
  pages={203},
  year={1997},
  publisher={APS}
}

@article{lato2019passive,
  title={A passive damping device for suppressing acoustic pressure pulsations: {T}he infinity tube},
  author={Lato, T. and Mohany, A. and Hassan, M.},
  journal={J. Acoust. Soc.},
  volume={146},
  number={6},
  pages={4534--4544},
  year={2019},
  publisher={Acoustical Society of America}
}

@article{srikanth2021selfcoupling,
      title={Self-coupling: {A}n {E}ffective {M}ethod to {M}itigate {T}hermoacoustic {I}nstability}, 
      author={Srikanth, Sneha and Sahay, Ankit and Pawar, Samadhan A. and Manoj, Krishna and Sujith, R. I.},
      year={2021},
      eprint={2112.14152},
      archivePrefix={arXiv},
      primaryClass={nlin.AO}
}

@article{nair2013loss,
  title={Loss of {C}haos in {C}ombustion {N}oise as a {P}recursor of {I}mpending {C}ombustion {I}nstability},
  author={Nair, Vineeth and Thampi, Gireehkumaran and Karuppusamy, Sulochana and Gopalan, Saravanan and Sujith, R. I.},
  journal={Int. J. Spray Combust.},
  volume={5},
  number={4},
  pages={273--290},
  year={2013},
  publisher={SAGE Publications}
}

@article{krishnan2019emergence,
  title={On the emergence of large clusters of acoustic power sources at the onset of thermoacoustic instability in a turbulent combustor},
  author={Krishnan, Abin and Sujith, R. I. and Marwan, Norbert and Kurths, J{\"u}rgen},
  journal={J. Fluid Mech.},
  volume={874},
  pages={455--482},
  year={2019},
  publisher={Cambridge University Press}
}

@article{george2018pattern,
  title={Pattern formation during transition from combustion noise to thermoacoustic instability via intermittency},
  author={George, Nitin B. and Unni, Vishnu R. and Raghunathan, Manikandan and Sujith, R. I.},
  journal={J. Fluid Mech.},
  volume={849},
  pages={615--644},
  year={2018},
  publisher={Cambridge University Press}
}

@article{krishnan2019mitigation,
  title={Mitigation of oscillatory instability in turbulent reactive flows: {A} novel approach using complex networks},
  author={Krishnan, Abin and Manikandan, R. and Midhun, P. R. and Reeja, K. V. and Unni, V. R. and Sujith, R. I. and Marwan, Norbert and Kurths, J{\"u}rgen},
  journal={EPL},
  volume={128},
  number={1},
  pages={14003},
  year={2019},
  publisher={IOP Publishing}
}

@article{zou2021quenching,
  title={Quenching, aging, and reviving in coupled dynamical networks},
  author={Zou, Wei and Senthilkumar, D. V. and Zhan, Meng and Kurths, J{\"u}rgen},
  journal={Phys. Rep.},
  volume={931},
  pages={1--72},
  year={2021},
  publisher={Elsevier}
}


@article{dange2019oscillation,
  title={Oscillation quenching and phase-flip bifurcation in coupled thermoacoustic systems},
  author={Dange, Suraj and Manoj, Krishna and Banerjee, Subham and Pawar, Samadhan A. and Mondal, Sirshendu and Sujith, R. I.},
  journal={Chaos},
  volume={29},
  number={9},
  pages={093135},
  year={2019},
  publisher={AIP Publishing LLC}
}

@article{thomas2018effect,
  title={Effect of noise amplification during the transition to amplitude death in coupled thermoacoustic oscillators},
  author={Thomas, Nevin and Mondal, Sirshendu and Pawar, Samadhan A. and Sujith, R. I.},
  journal={Chaos},
  volume={28},
  number={9},
  pages={093116},
  year={2018},
  publisher={AIP Publishing LLC}
}

@article{thomas2018effect1,
  title={Effect of time-delay and dissipative coupling on amplitude death in coupled thermoacoustic oscillators},
  author={Thomas, Nevin and Mondal, Sirshendu and Pawar, Samadhan A. and Sujith, R. I.},
  journal={Chaos},
  volume={28},
  number={3},
  pages={033119},
  year={2018},
  publisher={AIP Publishing LLC}
}


@article{sahay2021dynamics,
  title={Dynamics of Coupled Thermoacoustic Oscillators Under Asymmetric Forcing},
  author={Sahay, Ankit and Roy, Amitesh and Pawar, Samadhan A. and Sujith, R. I.},
  journal={Phys. Rev. Appl.},
  volume={15},
  number={4},
  pages={044011},
  year={2021},
  publisher={APS}
}

@article{srikanth2021dynamical,
  title={Dynamical {S}tates and {B}ifurcations in {C}oupled {T}hermoacoustic {O}scillators},
  author={Srikanth, Sneha and Pawar, Samadhan A and Manoj, Krishna and Sujith, R. I.},
  journal={arXiv preprint arXiv:2109.09600},
  year={2021}
}

@article{hyodo2020suppression,
  title={Suppression of {R}ijke tube oscillations by delay coupling},
  author={Hyodo, Hiroaki and Iwasaki, M. and Biwa, T.},
  journal={J. Appl. Phys.},
  volume={128},
  number={9},
  pages={094902},
  year={2020},
  publisher={AIP Publishing LLC}
}

@article{jegal2019mutual,
  title={Mutual synchronization of two lean-premixed gas turbine combustors: {P}hase locking and amplitude death},
  author={Jegal, Hyunwook and Moon, Kihun and Gu, Jaheon and Li, Larry K. B. and Kim, Kyu Tae},
  journal={Combust. Flame},
  volume={206},
  pages={424--437},
  year={2019},
  publisher={Elsevier}
}

@article{moon2020mutual,
  title={Mutual synchronization of two flame-driven thermoacoustic oscillators: {D}issipative and time-delayed coupling effects},
  author={Moon, Kihun and Guan, Yu and Li, Larry K. B. and Kim, Kyu Tae},
  journal={Chaos},
  volume={30},
  number={2},
  pages={023110},
  year={2020},
  publisher={AIP Publishing LLC}
}

@article{guan2021low,
  title={Low-order modeling of the mutual synchronization between two turbulent thermoacoustic oscillators},
  author={Guan, Yu and Moon, Kihun and Kim, Kyu Tae and Li, Larry K. B.},
  journal={Phys. Rev. E},
  volume={104},
  number={2},
  pages={024216},
  year={2021},
  publisher={APS}
}

@incollection{sujith2021thermoacoustic,
  title={Thermoacoustic {I}nstability - {A} {C}omplex {S}ystems {P}erspective},
  author={Sujith, R. I. and Pawar, Samadhan A.},
  year={2021},
  publisher={Springer Nature}
}

@article{rayleigh1878explanation,
  title={The explanation of certain acoustical phenomena},
  author={Rayleigh, Lord},
  journal={Roy. Inst. Proc.},
  volume={8},
  pages={536--542},
  year={1878}
}

@article{pawar2017thermoacoustic,
  title={Thermoacoustic instability as mutual synchronization between the acoustic field of the confinement and turbulent reactive flow},
  author={Pawar, Samadhan A and Seshadri, Akshay and Unni, Vishnu R and Sujith, R I},
  journal={J. Fluid Mech.},
  volume={827},
  pages={664--693},
  year={2017},
  publisher={Cambridge University Press}
}

@book{pikovsky2003synchronization,
  title={Synchronization: A Universal Concept in Nonlinear Sciences},
  author={Pikovsky, Arkady and Rosenblum, Michael and Kurths, J{\"u}rgen},
  volume={12},
  year={2003},
  publisher={Cambridge University Press}
}

@techreport{culick2006unsteady,
  title={Unsteady motions in combustion chambers for propulsion systems},
  author={Culick, F E C},
  year={2006},
  institution={AGARDograph, NATO/RTO-AG-AVT-039}
}
}

@article{komarek2010impact,
  title={Impact of {S}wirl {F}luctuations on the {F}lame {R}esponse of a {P}erfectly {P}remixed {S}wirl {B}urner},
  author={Komarek, Thomas and Polifke, Wolfgang},
  journal={J. Eng. Gas Turbines Power},
  volume={132},
  number={6},
  year={2010},
  publisher={American Society of Mechanical Engineers Digital Collection}
}

@article{gottwald2004new,
  title={A new test for chaos in deterministic systems},
  author={Gottwald, Georg A. and Melbourne, Ian},
  journal={Proc. Math. Phys. Eng. Sci.},
  volume={460},
  number={2042},
  pages={603--611},
  year={2004},
  publisher={The Royal Society}
}

@article{grinsted2004application,
  title={Application of the cross wavelet transform and wavelet coherence to geophysical time series},
  author={Grinsted, Aslak and Moore, John C. and Jevrejeva, Svetlana},
  journal={Nonlinear Process. Geophys.},
  volume={11},
  number={5/6},
  pages={561--566},
  year={2004},
  publisher={Copernicus GmbH}
}

@article{pawar2019temporal,
  title={Temporal and {S}patiotemporal {A}nalyses of {S}ynchronization {T}ransition in a {S}wirl-{S}tabilized {C}ombustor},
  author={Pawar, Samadhan A. and Mondal, Sirshendu and George, Nitin B. and Sujith, R I},
  journal={AIAA J},
  volume={57},
  number={2},
  pages={836--847},
  year={2019},
  publisher={American Institute of Aeronautics and Astronautics}
}

@article{gonzalez2002amplitude,
  title={Amplitude envelope synchronization in coupled chaotic oscillators},
  author={Gonzalez-Miranda, Jes{\'u}s Manuel},
  journal={Phys. Rev. E},
  volume={65},
  number={3},
  pages={036232},
  year={2002},
  publisher={APS}
}

